@misc{ai-wikipedia,
  author={Wikipedia},
  title={Künstliche Intelligenz},
  url={https://de.wikipedia.org/wiki/K%C3%BCnstliche_Intelligenz},
  urldate={2023-04-20},
  year={2023}
}

@book{example,
  title={The Title of the Book},
  author={The Author},
  publisher={The Publisher},
  year={2017},
}

@misc{ai-soxes,
  author={soxes.ch},
  title={Künstliche Intelligenz Beispiele},
  url={https://soxes.ch/kuenstliche-intelligenz-beispiele/},
  urldate={2024-05-26},
  year={2024}
}

@misc{ai-tableau,
  author={Tableau},
  title={KI Beispiele},
  url={https://www.tableau.com/de-de/data-insights/ai/examples},
  urldate={2024-05-26},
  year={2024}
}

@misc{ai-zdf,
  author={ZDF},
  title={KI - Künstliche Intelligenz im Alltag},
  url={https://www.zdf.de/nachrichten/ratgeber/ki-kuenstliche-intelligenz-im-alltag-100.html},
  urldate={2024-05-26},
  year={2024}
}