%% LaTeX2e file `paper.bib'
%% generated by the `filecontents' environment
%% from source `paper' on 2024/05/30.
%%
@book{example,
  author    = {Max Mustermann},
  title     = {Beispielbuch},
  year      = {2020},
  publisher = {Beispielverlag},
}
